@book{ландау2001теоретическая,
  title={Теоретическая физика. В 10 т. Том 6. Гидродинамика},
  author={Ландау Л. Д. and Лифшиц Е. М.},
  year={2001},
  publisher={Физматлит}
}

@book{кудрявцев2010краткий,
  title={Краткий курс математического анализа. Том 2. Дифференциальное и интегральное исчисление функций многих переменных. Гармонический анализ. Учебное пособие},
  author={Кудрявцев Л. Д.},
  year={2010},
  publisher={Физматлит}
}